@book{ book,
author = {Paula Moraga}, 
title      = {Spatial Statistics for Data Science: Theory and Practice with R},
booktitle = {Spatial Statistics for Data Science: Theory and Practice with R},
publisher = {American Fisheries Society},
year = 2023
}

@article{bymstan,
  author  = "Mitzi Morris, Katherine Wheeler-Martin, Dan Simpson, Stephen J Mooney, Andrew Gelman, Charles DiMaggio",
  title   = "Bayesian Hierarchical Spatial Models: Implementing the Besag
York Molli√© Model in Stan",
  journal = "Spat Spatiotemporal Epidemiol",
  year    = 2019
}

@article{besag,
  author  = "Besag Julian",
  title   = "Spatial Interaction and the Statistical Analysis of Lattice Systems",
  journal = "Journal of the Royal Statistical Society",
  year    = 1974
}

@online{spdata,
author = {Bivand, Roger, Jakub Nowosad, Robin Lovelace},
title = {spData: Datasets for Spatial Analysis},
year = {2022},
url = {https://jakubnowosad.com/spData/}
}