@book{ book,
author = {Paula Moraga}, 
title      = {Spatial Statistics for Data Science: Theory and Practice with R},
booktitle = {Spatial Statistics for Data Science: Theory and Practice with R},
publisher = {American Fisheries Society},
year = 2023
}

@article{bymstan,
  author  = "Mitzi Morris, Katherine Wheeler-Martin, Dan Simpson, Stephen J Mooney, Andrew Gelman, Charles DiMaggio",
  title   = "Bayesian Hierarchical Spatial Models: Implementing the Besag
York Mollié Model in Stan",
  journal = "Spat Spatiotemporal Epidemiol",
  year    = 2019
}

@article{besag,
  author  = "Besag Julian",
  title   = "Spatial Interaction and the Statistical Analysis of Lattice Systems",
  journal = "Journal of the Royal Statistical Society",
  year    = 1974
}

@online{spdata,
author = {Bivand, Roger, Jakub Nowosad, Robin Lovelace},
title = {spData: Datasets for Spatial Analysis},
year = {2022},
url = {https://jakubnowosad.com/spData/}
}

@article{origin,
  author  = "Harrison David and Daniel L. Rubinfeld",
  title   = "Hedonic Housing Prices and the Demand for Clean Air",
  journal = "Journal of Environmental Economics and Management",
  year    = 1978
}

@manual{rstan,
    title = {{RStan}: the {R} interface to {Stan}},
    author = {{Stan Development Team}},
    year = {2024},
    url = {https://mc-stan.org/},
  }
  
 @Manual{R,
     title = {R: A Language and Environment for Statistical Computing},
     author = {{R Core Team}},
     organization = {R Foundation for Statistical Computing},
     address = {Vienna, Austria},
     year = {2024},
     url = {https://www.R-project.org/},
 }
 
 @Book{sf1,
    author = {Edzer Pebesma and Roger Bivand},
    title = {{Spatial Data Science: With applications in R}},
    year = {2023},
    publisher = {Chapman and Hall/CRC},
    url = {https://r-spatial.org/book/},
    doi = {10.1201/9780429459016},
  }
  
  @Article{sf2,
    author = {Edzer Pebesma},
    title = {{Simple Features for R: Standardized Support for Spatial
      Vector Data}},
    year = {2018},
    journal = {{The R Journal}},
    doi = {10.32614/RJ-2018-009},
    url = {https://doi.org/10.32614/RJ-2018-009},
    pages = {439--446},
    volume = {10},
    number = {1},
  }
  
  @Article{spdep1,
    author = {Roger Bivand and David W. S. Wong},
    title = {Comparing implementations of global and local indicators
      of spatial association},
    journal = {TEST},
    year = {2018},
    volume = {27},
    number = {3},
    pages = {716--748},
    doi = {10.1007/s11749-018-0599-x},
  }
  
  @Article{spdep2,
    author = {{Roger Bivand}},
    title = {R Packages for Analyzing Spatial Data: A Comparative Case
      Study with Areal Data},
    journal = {Geographical Analysis},
    year = {2022},
    volume = {54},
    number = {3},
    pages = {488-518},
    doi = {10.1111/gean.12319},
  }
  
  @Book{spdep3,
    author = {Roger S. Bivand and Edzer Pebesma and Virgilio
      Gómez-Rubio},
    title = {Applied spatial data analysis with {R}, Second edition},
    year = {2013},
    publisher = {Springer, NY},
    url = {https://asdar-book.org/},
  }
  
  @Book{spdep4,
    author = {Edzer Pebesma and Roger S. Bivand},
    title = {Spatial Data Science With Applications in {R}},
    year = {2023},
    url = {https://r-spatial.org/book/},
  }
